<record><leader>00000cas a2200000 i 4500</leader><controlfield tag="001">12744507</controlfield><controlfield tag="008">851031d18971921inudn ne      0    0eng c</controlfield><datafield ind1=" " ind2=" " tag="010"><subfield code="a">sn 85048138 </subfield></datafield><datafield ind1=" " ind2=" " tag="040"><subfield code="a">NPI</subfield><subfield code="b">eng</subfield><subfield code="e">rda</subfield><subfield code="c">NPI</subfield><subfield code="d">OCLCQ</subfield><subfield code="d">IUL</subfield><subfield code="d">OCLCF</subfield></datafield><datafield ind1=" " ind2=" " tag="042"><subfield code="a">pcc</subfield></datafield><datafield ind1=" " ind2=" " tag="043"><subfield code="a">n-us-in</subfield></datafield><datafield ind1="0" ind2=" " tag="130"><subfield code="a">Evening news (Jeffersonville, Ind. : 1897)</subfield></datafield><datafield ind1="1" ind2="4" tag="245"><subfield code="a">The evening news.</subfield></datafield><datafield ind1=" " ind2="1" tag="264"><subfield code="a">Jeffersonville, Ind. :</subfield><subfield code="b">News &amp; Journal,</subfield><subfield code="c">1897-</subfield></datafield><datafield ind1=" " ind2=" " tag="300"><subfield code="a">24 volumes :</subfield><subfield code="b">illustrations ;</subfield><subfield code="c">58 cm</subfield></datafield><datafield ind1=" " ind2=" " tag="310"><subfield code="a">Daily (except Sun.)</subfield></datafield><datafield ind1=" " ind2=" " tag="336"><subfield code="a">text</subfield><subfield code="b">txt</subfield><subfield code="2">rdacontent</subfield></datafield><datafield ind1=" " ind2=" " tag="337"><subfield code="a">unmediated</subfield><subfield code="b">n</subfield><subfield code="2">rdamedia</subfield></datafield><datafield ind1=" " ind2=" " tag="338"><subfield code="a">volume</subfield><subfield code="b">nc</subfield><subfield code="2">rdacarrier</subfield></datafield><datafield ind1="0" ind2=" " tag="362"><subfield code="a">Vol. XXII, no. 161 (July 8, 1897)-</subfield></datafield><datafield ind1="1" ind2=" " tag="362"><subfield code="a">Ceased in late Dec. 1921.</subfield></datafield><datafield ind1=" " ind2=" " tag="500"><subfield code="a">Established by Reuben Dailey.</subfield></datafield><datafield ind1=" " ind2=" " tag="580"><subfield code="a">Published also in a weekly edition called: 1897-1919, National Democrat; 1919-1920, National Democrat and The citizen-record; 1920-1921, Clark County journal.</subfield></datafield><datafield ind1=" " ind2=" " tag="588"><subfield code="a">Latest issue consulted: Vol. XLV, no. 146 (June 29th, 1916); U.S. Newspaper Archive (viewed May 18, 2017).</subfield></datafield><datafield ind1=" " ind2="0" tag="651"><subfield code="a">Jeffersonville (Ind.)</subfield><subfield code="v">Newspapers.</subfield></datafield><datafield ind1=" " ind2="0" tag="651"><subfield code="a">Clark County (Ind.)</subfield><subfield code="v">Newspapers.</subfield></datafield><datafield ind1=" " ind2="7" tag="655"><subfield code="a">Newspapers.</subfield><subfield code="2">fast</subfield><subfield code="0">(OCoLC)fst01423814</subfield></datafield><datafield ind1=" " ind2="7" tag="651"><subfield code="a">Indiana</subfield><subfield code="z">Clark County.</subfield><subfield code="2">fast</subfield><subfield code="0">(OCoLC)fst01205463</subfield></datafield><datafield ind1=" " ind2="7" tag="651"><subfield code="a">Indiana</subfield><subfield code="z">Jeffersonville.</subfield><subfield code="2">fast</subfield><subfield code="0">(OCoLC)fst01212579</subfield></datafield><datafield ind1=" " ind2=" " tag="752"><subfield code="a">United States</subfield><subfield code="b">Indiana</subfield><subfield code="c">Clark</subfield><subfield code="d">Jeffersonville.</subfield></datafield><datafield ind1="1" ind2=" " tag="775"><subfield code="t">National Democrat (Jeffersonville, Ind.)</subfield><subfield code="w">(DLC)sn 84023966</subfield><subfield code="w">(OCoLC)11103183</subfield></datafield><datafield ind1="1" ind2=" " tag="775"><subfield code="t">National Democrat and The citizen-record</subfield><subfield code="w">(DLC)sn 84045431</subfield><subfield code="w">(OCoLC)11330448</subfield></datafield><datafield ind1="1" ind2=" " tag="775"><subfield code="t">Clark County journal</subfield><subfield code="w">(DLC)sn 84045432</subfield><subfield code="w">(OCoLC)11330549</subfield></datafield><datafield ind1="0" ind2="0" tag="780"><subfield code="t">Jeffersonville news</subfield><subfield code="w">(DLC)sn 85048137</subfield><subfield code="w">(OCoLC)12744455</subfield></datafield><datafield ind1="0" ind2="7" tag="785"><subfield code="t">Jeffersonville star</subfield><subfield code="w">(DLC)sn 85048095</subfield><subfield code="w">(OCoLC)12741175</subfield></datafield><datafield ind1="0" ind2="7" tag="785"><subfield code="t">Evening news and The Jeffersonville star</subfield><subfield code="w">(DLC)sn 85048134</subfield><subfield code="w">(OCoLC)12744540</subfield></datafield><datafield ind1="4" ind2="1" tag="856"><subfield code="u">https://access.newspaperarchive.com/us/indiana/jeffersonville/jeffersonville-evening-journal/</subfield></datafield><datafield ind1="4" ind2="1" tag="856"><subfield code="u">https://access.newspaperarchive.com/us/indiana/jeffersonville/jeffersonville-evening-news/</subfield></datafield><datafield ind1="4" ind2="1" tag="856"><subfield code="u">https://access.newspaperarchive.com/us/indiana/jeffersonville/jeffersonville-news/</subfield></datafield></record>